@misc{BasicGit,
  author       = {{bornToDev}},
  howpublished = {\url{https://www.borntodev.com/2020/03/30/git-พื้นฐานสุดๆ/}},
  title        = {Git พื้นฐานสุด ๆ จบในหน้าเดียว},
  year         = {2023}
}

@misc{CICDConventionalCommits,
  author       = {Chonlasith Jucksriporn},
  howpublished = {\url{https://medium.com/odds-team/เขียนข้อความ-commit-ให้ใช้กับ-ci-cd-ได้ด้วย-conventional-commits-5be81b38eedd}},
  title        = {เขียนข้อความ commit ให้ใช้กับ CI/CD ได้ด้วย Conventional Commits},
  year         = {2020}
}

@misc{FiberAndGormRunGolangApp,
  author       = {Joakim Gakure},
  howpublished = {\url{https://www.section.io/engineering-education/how-to-use-go-fiber-and-gorm-frameworks-to-run-a-golang-application/}},
  title        = {How to use Go Fiber and Gorm Frameworks to run a Golang Application},
  year         = {2021}
}

@misc{GCPNewbie,
  author       = {Thanatip Suwanchundee},
  howpublished = {\url{https://cloud-ace.co.th/blogs/o6t7k4-google-cloud}},
  title        = {Google Cloud คืออะไร (ฉบับมือใหม่)},
  year         = {2023}
}

@misc{KnowVSCode,
  author       = {{Mindphp}},
  howpublished = {\url{https://www.mindphp.com/บทความ/microsoft/4829-visual-studio-code.html}},
  title        = {รู้จักกับ Visual Studio Code (วิชวล สตูดิโอ โค้ด) โปรแกรมฟรีจากค่ายไมโครซอฟท์},
  year         = {2017}
}

@misc{MicroservicesVSAPI,
  author       = {{Amazon Web Services}},
  howpublished = {\url{https://aws.amazon.com/th/compare/the-difference-between-microservices-and-apis/}},
  title        = {อะไรคือความแตกต่างระหว่างไมโครเซอร์วิสกับ API},
  year         = {2023}
}

@misc{ReadyToReactWithJSX,
  author       = {Developer},
  howpublished = {\url{https://www.borntodev.com/c/webdeveloper/เตรียมความพร้อมสู่-react-ไปกับ-jsx-5fdafaa67ffd3}},
  title        = {เตรียมความพร้อมสู่ React ไปกับ JSX},
  year         = {2020}
}
BasicGit
@misc{SoftwareDeliveryPerformance,
  author       = {Ying Suphan},
  howpublished = {\url{https://bluebik.com/th/blogs/6360}},
  title        = {เปิดเคล็ดลับ ยกระดับ Software Delivery Performance},
  year         = {2022}
}

@misc{TrunkBasedDevelopment,
  author       = {Paul Hammant},
  howpublished = {\url{https://trunkbaseddevelopment.com/}},
  title        = {Trunk Based Development},
  year         = {2020},
}

@misc{VCSGitHub,
  author       = {{Ultimate Python}},
  howpublished = {url{https://www.ultimatepython.co/post/github-project}},
  title        = {ถึงเวลาโชว์ผลงาน! ผ่าน Version Control System และ GitHub},
  year         = {2022}
}

@misc{WhatAreMicroservices,
  author       = {Chris Richardson},
  howpublished = {\url{https://microservices.io/}},
  title        = {What are microservices?},
  year         = {2023}
}

@misc{WhatIsAgile,
  author       = {{JobsDB}},
  howpublished = {\url{https://th.jobsdb.com/th/career-advice/article/ความเข้าใจผิดทำงานแบบagile}},
  title        = {Agile คืออะไร แนวคิดการทำงานในองค์กรรุ่นใหม่ ดีจริงหรือไม่?},
  year         = {2023}
}

@misc{WhatIsDocker,
  author       = {{Amazon Web Services}},
  howpublished = {\url{https://aws.amazon.com/th/docker/}},
  title        = {Docker คืออะไร},
  year         = {2023}
}

@misc{WhatIsGolang,
  author       = {{Skooldio}},
  howpublished = {\url{https://blog.skooldio.com/what-is-golang/#_Golang}},
  title        = {Golang คืออะไร? ดียังไง? รวมสิ่งที่ควรรู้เกี่ยวกับ Golang},
  year         = {2021}
}

@misc{WhatIsMySQL,
  author       = {Richard Boyett},
  howpublished = {\url{https://www.hostinger.com/tutorials/what-is-mysql#What_is_MySQL}},
  title        = {What Is MySQL and How Does It Work},
  year         = {2023}
}

@misc{WhatIsNextjs,
  author       = {Thanawat Yodnil},
  howpublished = {\url{https://littleboycoding.github.io/article/next-js}},
  title        = {Next.js คืออะไร ควรใช้มันจริงหรือ ?},
  year         = {2020}
}

@misc{WhatIsPrisma,
  author       = {{Prisma}},
  howpublished = {\url{https://www.prisma.io/docs/concepts/overview/what-is-prisma}},
  title        = {What is Prisma?},
  year         = {2023}
}

@misc{WhatIsSDLC,
  author       = {{Amazon Web Services}},
  howpublished = {\url{https://aws.amazon.com/th/what-is/sdlc/}},
  title        = {SDLC คืออะไร},
  year         = {2023}
}

@misc{WhyVCS,
  author       = {{PloyTara}},
  howpublished = {\url{https://medium.com/@ploysiribunyaphat/version-control-system-ทำไม-e7fa34035be3}},
  title        = {Version Control System ทำไม!?},
  year         = {2019}
}